<<<<<<< ppdp05.bib
@Article{Bozzano04tplp,
 author =       {Marco Bozzano and Giorgio Delzanno and Maurizio Martelli},
 title =        {Model Checking Linear Logic Specifications},
 journal =      {Theory and Practice of Logic Programming},
 year =         2004,
 volume =       4,
 number =       {5--6},
 pages =        {573--619}
}

@InProceedings{Miller86iclp,
  author =      "Dale Miller and Gopalan Nadathur",
  title =       "Higher-Order Logic Programming",
  booktitle =   "Proceedings of the Third International Logic
                  Programming Conference",
  pages =       "448--462",
  editor =      "Ehud Shapiro",
  address =     "London",
  month =       jun,
  year =        1986,
  keywords =    "lambda-Prolog"
}

@InProceedings{Andreoli90oopsla,
  author =      "Jean-Marc Andreoli and Remo Pareschi",
  title =       "{LO} and Behold! {C}oncurrent Structured Processes",
  booktitle =   "{OOPSLA/ECOOP} '90: {P}roceedings on object-oriented programming systems, languages, and applications",
  year =        1990,
  pages =       "44--56",
  address =     "Ottawa, Canada",
  publisher =   "ACM Press"
}

@TechReport{Kobayashi94tr,
  author =      "Naoki Kobayashi and Akinori Yonezawa",
  title =       "Typed Higher-Order Concurrent Linear Logic Programming",
  year =        1994,
  month =       jul,
  institution = "Department of Information Science, University of Tokyo",
  number =      "94-12"
}

@InProceedings{Cervesato98jicslp,
  author =       "Iliano Cervesato",
  title =        "Proof-Theoretic Foundation of Compilation in Logic
                  Programming Languages",
  editor =       "J. Jaffar",
  pages =        "115--129",
  booktitle =    "JICSLP'98",
  year =         1998,
  publisher =    "MIT Press",
  address =      "Manchester, UK",
  month =        jun,
  keywords =     "LF, Elf",
  urlps =        "http://theory.stanford.edu/~iliano/papers/jicslp98.ps.gz"
}

@Article{Miller91jlc,
  author =      "Dale Miller",
  title =       "A Logic Programming Language with Lambda-Abstraction,
                  Function Variables, and Simple Unification",
  journal =     "Journal of Logic and Computation",
  volume =      "1",
  number =      "4",
  pages =       "497--536",
  year =        "1991",
  urldvi =      "file://ftp.cis.upenn.edu/pub/papers/miller/jlc91.dvi.Z",
  keywords =    "lambda-Prolog, unification"
}

@InProceedings{RSV01,
  author = "I.V. Ramakrishnan and R. Sekar and Andrei Voronkov",
  title = "Term Indexing",
  booktitle = "Handbook of Automated Reasoning, vol. 2",
  pages = "1853--1965", 
  publisher = "Elsevier Science and MIT Press",
  year = 2001
}

@InProceedings{Miller94,
  author =	"Dale Miller",
  title =	"A Multiple-Conclusion Meta-Logic",
  booktitle =	"Ninth Annual Symposium on Logic in Computer Science",
  editor =	"S. Abramsky",
  address =	"Paris, France",
  month =	jul,
  year =	"1994",
  publisher =   "IEEE Computer Society Press",
  pages =	"272--281",
  urldvi =	"file://ftp.cis.upenn.edu/pub/papers/miller/lics94.dvi.Z",
  keywords = 	"linear"
}

@InProceedings{LopPol05lpar,
  author =	"Pablo L\'{o}pez and Jeff Polakow",
  title =	"Implementing Efficient Resource Management for Linear Logic Programming",
  booktitle =	"Eleventh International Conference on Logic for Programming
                 Artificial Intelligence and Reasoning (LPAR'05)",
  address =	"Montevideo, Uruguay",
  month =	mar,
  year =	2005,
  pages=        "528--543",
  publisher =   "Springer-Verlag LNAI 3452",
  isbn      = {3-540-25236-3},
  editor    = {Franz Baader and Andrei Voronkov}
}


@Article{PymHarland94,
author = "D. Pym and J. Harland", 
title =  "A Uniform Proof-theoretic Investigation of Linear Logic Programming",
journal = "Journal of Logic and Computation",
volume =  4,
number = 2,
pages = "175--207", 
month = "April",
year = 1994
}

@PhdThesis{Hodas94phd,
  author       = "J. S. Hodas",
  title        = "Logic Programming in Intuitionistic Linear Logic:
                  Theory, Design and Implementation",
  school       = "University of Pennsylvania, Department of Computer
                  and Information Science",
  year         = 1994,
  urlps        = "http://www.cs.hmc.edu/~hodas/papers/diss_twoside_all.ps",
}

@Article{Hodas94ic,
  author =	"Joshua Hodas and Dale Miller",
  title =	"Logic Programming in a Fragment of Intuitionistic Linear
		  Logic", 
  journal =	"Information and Computation",
  year =	"1994",
  volume=	"110",
  number=	"2",
  pages=	"327--365",
  annote =	"A preliminary version appeared in the Proceedings of the
		  Sixth Annual IEEE Symposium on Logic in Computer Science,
		  pages 32--42, Amsterdam, The Netherlands, July 1991",
  urlps =	"file://ftp.cis.upenn.edu/pub/papers/miller/ic94.ps.Z",
  keywords =	"linear"
}

@Article{Girard87tcs,
  author       = "J.-Y. Girard",
  title        = "Linear Logic",
  journal      = "Theoretical Computer Science",
  year         = 1987,
  volume       = 50,
  pages        = "1--102"
}

@Article{Miller91apal,
  author =	"Dale Miller and Gopalan Nadathur and Frank Pfenning and
		  Andre Scedrov",
  title =	"Uniform Proofs as a Foundation for Logic Programming",
  journal =	"Annals of Pure and Applied Logic",
  year =	"1991",
  volume =	"51",
  pages =	"125-157",
  urldvi =	"file://ftp.cis.upenn.edu/pub/papers/miller/apal91.dvi.Z",
  keywords = 	"lambda-Prolog"
}

@InCollection{Watkins04types,
  author = 	 {Kevin Watkins and Iliano Cervesato and Frank Pfenning and
                  David Walker},
  title = 	 {A Concurrent Logical Framework: The Propositional Fragment},
  booktitle = 	 {Types for Proofs and Programs},
  pages = 	 {355--377},
  publisher =	 {Springer-Verlag LNCS 3085},
  year =	 2004,
  editor = 	 {S. Berardi and M. Coppo and F. Damiani},
  note =	 {Revised selected papers from the {\em Third International Workshop on Types for Proofs and Programs},
                  Torino, Italy, April 2003.}
}

@TechReport{Cervesato02tr,
  author = 	 {Iliano Cervesato and Frank Pfenning and David Walker
                  and Kevin Watkins},
  title = 	 {A Concurrent Logical Framework {II}: Examples and Applications},
  institution =  {Department of Computer Science, Carnegie Mellon University},
  year = 	 2002,
  number =	 {CMU-CS-02-102},
  note =	 {Revised May 2003}
}

@TechReport{Watkins02tr,
  author = 	 {Kevin Watkins and Iliano Cervesato and Frank Pfenning
                  and David Walker},
  title = 	 {A Concurrent Logical Framework {I}: Judgments and Properties},
  institution =  {Department of Computer Science, Carnegie Mellon University},
  year = 	 2002,
  number =	 {CMU-CS-02-101},
  note =	 {Revised May 2003}
}

@Article{Moggi91,
  author =      "Eugenio Moggi",
  title =	"Notions of Computation and Monads",
  journal = 	"Information and Computation",		  
  year = 	1991,
  volume = 	93,
  number = 	1,		  
  pages = 	"55--92",
  keywords =	"fp"
}

@Article{Fairtlough97ic,
  author = 	 "M. Fairtlough and M.V. Mendler",
  title = 	 "Propositional Lax Logic",
  journal =	 "Information and Computation",
  year =	 1997,
  volume =	 137,
  number =	 1,
  pages =	 "1--33",
  month =	 aug,
  keywords =     "logic"
}

@Article{Pfenning01mscs,
  author = 	 "Frank Pfenning and Rowan Davies",
  title = 	 "A Judgmental Reconstruction of Modal Logic",
  journal =	 "Mathematical Structures in Computer Science",
  year =	 2001,
  volume =       11,
  pages =        "511--540",
  annote =	 "Notes to an invited talk at the {\em Workshop
		  on Intuitionistic Modal Logics and Applications} (IMLA'99),
		  Trento, Italy, July 1999",
  keywords =	 "staged, logic",
  urlpdf =       "http://www.cs.cmu.edu/~fp/papers/mscs00.pdf",
  urlps =	 "http://www.cs.cmu.edu/~fp/papers/mscs00.ps"
}

@InProceedings{Wadler92popl,
  author = 	 {Philip Wadler},
  title = 	 {The Essence of Functional Programming},
  booktitle = 	 {Conference Record of the 19th Symposium on Principles of Programming Languages},
  year =	 1992,
  pages =	 {1--14},
  address =	 {Albuquerque},
  month =	 jan,
  publisher =	 {ACM Press}
}

@Article{Shapiro89,
  author = 	 {Ehud Y. Shapiro},
  title = 	 {The Family of Concurrent Logic Programming Languages},
  journal = 	 {ACM Computing Surveys},
  year = 	 1989,
  volume =	 21,
  number =	 3,
  pages =	 {413--510},
  month =	 sep
}


@InProceedings{Harland00pstt,
  author = 	 {James Harland and David Pym and Michael Winikoff},
  title = 	 {Forward and Backward Chaining in Linear Logic},
  booktitle = 	 {Proceedings of the Workshop on Type-Theoretic Languages:
                  Proof Search and Semantics},
  year =	 2000,
  editor =	 {D. Galmiche},
  volume =	 37,
  series =	 {Electronic Notes in Theoretical Computer Science},
  address =	 {Pittsburgh, Pennsylvania},
  month =	 jun,
  publisher =	 {Elsevier Science},
  url = 	 {http://www.elsevier.nl/locate/entcs}
}

@Article{Andreoli92,
  author       = "J.-M. Andreoli",
  title        = "Logic Programming with Focusing Proofs in Linear Logic",
  journal      = "Journal of Logic and Computation",
  year         = 1992,
  pages        = "297--347",
  volume       = 2,
  number       = 3,
  urlps        = "file://ecrc.de/pub/loco/focusing-proofs.ps.Z"
}

@InProceedings{Ganzinger02iclp,
  author = 	 {Harald Ganzinger and David A. McAllester},
  title = 	 {Logical Algorithms},
  booktitle = 	 {Proceedings of the 18th International Conference on Logic Programming},
  pages =	 {209--223},
  year =	 2002,
  editor =	 {P.Stuckey},
  address =	 {Copenhagen, Denmark},
  month =	 jul,
  publisher =	 {Springer-Verlag LNCS 2401}
}

@InProceedings{Ganzinger01ijcar,
  author = 	 {Harald Ganzinger and David A. McAllester},
  title = 	 {A New Meta-Complexity Theorem for Bottom-Up Logic Programs},
  booktitle = 	 {Proceedings of the First International Joint Conference on ArAutomated Reasoning (IJCAR'01)},
  pages =	 {514--528},
  year =	 2001,
  editor =	 {R.Gor{\'e},A.Leitsch,T.Nipkow},
  address =	 {Siena, Italy},
  month =	 jun,
  publisher =	 {Springer-Verlag LNCS 2083}
}

@Article{Fruehwirth98jlp,
  author = 	 {Thom Fr{\"u}hwirth},
  title = 	 {Theory and Practice of Constraint Handling Rules},
  journal = 	 {Journal of Logic Programming},
  year = 	 1998,
  volume =	 37,
  number =	 {1--3},
  pages =	 {95--138},
  month =	 oct,
  note =	 {Special Issue on Constraint Logic Programming}
}

@Article{Mcallester02jacm,
  author = 	 {David A. McAllester},
  title = 	 {On the Complexity analysis of Static Analyses},
  journal = 	 {Journal of the ACM},
  year = 	 2002,
  volume =	 49,
  number =	 4,
  pages =	 {512--537}
}

@InProceedings{Honda91,
  author = 	 "Kohei Honda and Mario Tokoro",
  title = 	 "An Object Calculus for Asynchronous Communication",
  editor =	 "P. America",
  pages =	 "133--147",
  booktitle =	 "Proceedings of the European Conference on
		  Object-Oriented Programming (ECOOP'91)",
  year =	 1991,
  publisher =	 "Springer-Verlag LNCS 512",
  address =	 "Geneva, Switzerland",
  month =	 jul
}

@Book{Milner99,
  author =	 "Robin Milner",
  title = 	 "Communicating and Mobile Systems: the {$\pi$}-Calculus",
  publisher = 	 "Cambridge University Press",
  year = 	 1999
}

@article{Miller96tcs,
    author = "Dale Miller",
    title = "Forum: {A} multiple-conclusion specification logic",
    journal = "Theoretical Computer Science",
    volume = "165",
    number = "1",
    pages = "201--232",
    year = "1996",
    url = "citeseer.nj.nec.com/131600.html" 
}

@InProceedings{Bekkers95ilps,
  author = 	 {Yves Bekkers and Paul Tarau},
  title = 	 {Monadic Constructs for Logic Programming},
  booktitle = 	 {Proceedings of the International Symposium on Logic Programming (ILPS'95)},
  pages =	 {51--65},
  year =	 1995,
  editor =	 {J.Lloyd},
  address =	 {Portland, Oregon},
  month =	 dec,
  publisher =	 {MIT Press}
}

@PhdThesis{McGrail97,
  author = 	 {Robert McGrail},
  title = 	 {Monads and Control in Logic Programming},
  school = 	 {Wesleyan University},
  year = 	 1997
}

@Article{Maraist98jfp,
  author = 	 {John Maraist and Martin Odersky and Philip Wadler},
  title = 	 {A Call-by-Need Lambda Calculus},
  journal = 	 {Journal of Functional Programming},
  year = 	 1998,
  volume =	 8,
  number =	 3,
  pages =	 {275--317},
  month =	 may
}

@InProceedings{Pfenning04aplas,
  author = 	 {Frank Pfenning},
  title = 	 {Substructural Operational Semantics and Linear Destination-Passing Style},
  booktitle = 	 {Proceedings of the 2nd Asian Symposium on Programming Languages and Systems (APLAS'04)},
  pages = 	 196,
  year =	 2004,
  editor =	 {Wei-Ngan Chin},
  address =	 {Taipei, Taiwan},
  month =	 nov,
  publisher =	 {Springer-Verlag LNCS 3302}
}

@Article{Halstead85,
  author = 	 {Robert H. Halstead},
  title = 	 {{Multilisp}: A Language for Parallel Symbolic Computation},
  journal = 	 {ACM Transactions on Programming Languages and Systems},
  year = 	 1985,
  volume =	 7,
  number =	 4,
  pages =	 {501--539},
  month =	 oct
}


